@article{watson2014,
	title={The evolution of phenotypic correlations and \"developmental memory\".},
	author="Richard A. {Watson} and Günter P. {Wagner} and Mihaela {Pavlicev} and Daniel M. {Weinreich} and Rob {Mills}",
	journal="Evolution",
	volume="68",
	number="4",
	pages="1124--1138",
	year="2014"
},
@article{hebb,
	title = {Hebb, D. O. The organization of behavior: A neuropsychological theory. New York: John Wiley and Sons, Inc., 1949. 335 p.},
	journal = {Science Education},
	volume = {34},
	number = {5},
	pages = {336-337},
	doi = {10.1002/sce.37303405110},
	url = {https://onlinelibrary.wiley.com/doi/abs/10.1002/sce.37303405110},
	eprint = {https://onlinelibrary.wiley.com/doi/pdf/10.1002/sce.37303405110},
	year = {1950}
},
@article{laland2015,
	title="The extended evolutionary synthesis: its structure, assumptions and predictions.",
	author="Kevin N. {Laland} and Tobias {Uller} and Marcus W. {Feldman} and Kim {Sterelny} and Gerd B. {Müller} and Armin {Moczek} and Eva {Jablonka} and John {Odling-Smee}",
	journal="Proceedings of The Royal Society B: Biological Sciences",
	volume="282",
	number="1813",
	pages="20151019--20151019",
	year="2015"
},
@article{shatz1992,
	title="The developing brain.",
	author="Carla J. {Shatz}",
	journal="Scientific American",
	volume="267",
	number="3",
	pages="60--67",
	year="1992"
},
@article{pavlicev2011,
	title="Evolution of adaptive phenotypic variation patterns by direct selection for evolvability",
	author="Mihaela {Pavlicev} and James M. {Cheverud} and Günter P. {Wagner}",
	journal="Proceedings of The Royal Society B: Biological Sciences",
	volume="278",
	number="1713",
	pages="1903--1912",
	year="2011"
},
@inproceedings{baker1987,
	title="Reducing bias and inefficiency in the selection algorithm",
	author="James E. {Baker}",
	booktitle="Proceedings of the Second International Conference on Genetic Algorithms and their application",
	pages="14--21",
	year="1987"
}

